<record><leader>00000cas a2200000 a 4500</leader><controlfield tag="001">50821305</controlfield><controlfield tag="008">021022d19941999iluwr ne      0   a0eng c</controlfield><datafield ind1=" " ind2=" " tag="010"><subfield code="a">sn2002060772</subfield></datafield><datafield ind1=" " ind2=" " tag="040"><subfield code="a">CVF</subfield><subfield code="b">eng</subfield><subfield code="c">CVF</subfield><subfield code="d">NVF</subfield><subfield code="d">OCLCQ</subfield><subfield code="d">NVF</subfield><subfield code="d">OCLCF</subfield><subfield code="d">OCLCO</subfield><subfield code="d">NVF</subfield></datafield><datafield ind1=" " ind2=" " tag="042"><subfield code="a">pcc</subfield></datafield><datafield ind1=" " ind2=" " tag="043"><subfield code="a">n-us-il</subfield></datafield><datafield ind1="0" ind2=" " tag="130"><subfield code="a">Press (Bloomingdale, Ill. : Glendale Heights ed.)</subfield></datafield><datafield ind1="1" ind2="0" tag="245"><subfield code="a">Press.</subfield></datafield><datafield ind1=" " ind2=" " tag="250"><subfield code="a">Glendale Heights ed.</subfield></datafield><datafield ind1=" " ind2=" " tag="260"><subfield code="a">Bloomingdale, Ill. :</subfield><subfield code="b">Press Publications,</subfield><subfield code="c">1994-1999.</subfield></datafield><datafield ind1=" " ind2=" " tag="300"><subfield code="a">v.</subfield></datafield><datafield ind1=" " ind2=" " tag="310"><subfield code="a">Weekly</subfield></datafield><datafield ind1="0" ind2=" " tag="362"><subfield code="a">Vol. 30, no. 19 (May 12, 1994)-v. 77, issue 20 (May 20, 1999).</subfield></datafield><datafield ind1=" " ind2="0" tag="651"><subfield code="a">Glendale Heights (Ill.)</subfield><subfield code="v">Newspapers.</subfield></datafield><datafield ind1=" " ind2="7" tag="651"><subfield code="a">Illinois</subfield><subfield code="z">Glendale Heights.</subfield><subfield code="2">fast</subfield><subfield code="0">(OCoLC)fst01238086</subfield></datafield><datafield ind1=" " ind2="7" tag="655"><subfield code="a">Newspapers.</subfield><subfield code="2">fast</subfield><subfield code="0">(OCoLC)fst01423814</subfield></datafield><datafield ind1=" " ind2=" " tag="752"><subfield code="a">United States</subfield><subfield code="b">Illinois</subfield><subfield code="c">DuPage County</subfield><subfield code="d">Bloomingdale.</subfield></datafield><datafield ind1="0" ind2="0" tag="780"><subfield code="t">Glendale Heights press</subfield><subfield code="w">(DLC)sn 94060538</subfield><subfield code="w">(OCoLC)30995438</subfield></datafield><datafield ind1="0" ind2="4" tag="785"><subfield code="t">Carol Stream press</subfield><subfield code="w">(DLC)sn 94054482</subfield><subfield code="w">(OCoLC)30848783</subfield></datafield><datafield ind1="1" ind2=" " tag="029"><subfield code="a">AU@</subfield><subfield code="b">000024169604</subfield></datafield></record>